@incollection{ronchetti,
	author      = "Ronchetti Marco",
	title       = "{Strumenti per favorire l'apprendimento nei primi anni di università. Parte 2: Il sistema LodeBox}",
	editor      = "Raffone Alessandra",
	booktitle   = "La città educante. Metodologie e tecnologie innovative a servizio delle smart communities",
	publisher   = "Liguori",
	year        = 2018,
	pages       = "137-146",
}

@misc{android,
	title = {Documentazione {Android}},
	howpublished = {\url{https://developer.android.com}},
	note = {Ultimo accesso 25/08/2019}
}

@misc{camera2,
	author = {Wahltinez Oscar},
	title = {Understanding {Android} camera capture sessions and requests},
	howpublished = {\url{https://medium.com/androiddevelopers/understanding-android-camera-capture-sessions-and-requests-4e54d9150295}},
	month = {settembre},
	year = {2018},
	note = {Ultimo accesso 25/06/2019}
}

@techreport{rfc2326,
	TITLE = "{Real Time Streaming Protocol (RTSP)}",
	HOWPUBLISHED = {Internet Requests for Comments},
	TYPE="{RFC}",
	NUMBER=2326,
	YEAR = {1998},
	MONTH = {aprile},
	ISSN = {2070-1721},
	PUBLISHER = "{RFC Editor}",
	INSTITUTION = "{RFC Editor}",
	URL={\url{https://www.rfc-editor.org/rfc/rfc2326.txt}}
}

@misc{ffmpeg,
	title = {Documentazione ffmpeg},
	howpublished = {\url{https://ffmpeg.org/ffmpeg-all.html}},
	note = {Ultimo accesso 20/08/2019}
}

@book{ozer,
	author = {Ozer Jan},
	title = {Video Encoding by the Numbers. Eliminate the Guesswork from your Streaming Video},
	publisher = {Doceo Publishing},
	year = {2016},
	month = {dicembre}
}

@misc{yuv,
	author = {Poynton Charles},
	title = {{YUV} and luminance considered harmful},
	howpublished = {\url{https://poynton.ca/PDFs/YUV_and_luminance_harmful.pdf}},
	year = {2008},
	note = {Ultimo accesso 24/08/2019}
}

@misc{luminance,
	author = {Bradley Stevens},
	title = {Why Luminance Is The Key Component Of Color},
	howpublished={\url{http://vanseodesign.com/web-design/color-luminance/}},
	year = {2014},
	month = {dicembre},
	note = {Ultimo accesso 24/08/2019}
}

